<record><leader>00000cas a22000007a 4500</leader><controlfield tag="001">14445402</controlfield><controlfield tag="008">861021d18751907pauwr ne      0    0eng d</controlfield><datafield ind1=" " ind2=" " tag="010"><subfield code="a">sn 86053816 </subfield></datafield><datafield ind1=" " ind2=" " tag="040"><subfield code="a">NPX</subfield><subfield code="b">eng</subfield><subfield code="c">NPX</subfield><subfield code="d">NPH</subfield><subfield code="d">OCLCQ</subfield></datafield><datafield ind1=" " ind2=" " tag="042"><subfield code="a">msc</subfield></datafield><datafield ind1="0" ind2=" " tag="130"><subfield code="a">Chester County times (Parkesburg, Pa.)</subfield></datafield><datafield ind1="1" ind2="0" tag="245"><subfield code="a">Chester County times.</subfield></datafield><datafield ind1=" " ind2=" " tag="260"><subfield code="a">Parkesburg, Pa. :</subfield><subfield code="b">A.H. Potts &amp; Co.</subfield></datafield><datafield ind1=" " ind2=" " tag="300"><subfield code="a">v.</subfield></datafield><datafield ind1=" " ind2=" " tag="310"><subfield code="a">Weekly</subfield></datafield><datafield ind1="1" ind2=" " tag="362"><subfield code="a">Began in 1875; ceased in 1907?</subfield><subfield code="z">Cf. Sauer, E.M. "Chester Co. newspapers." Chester Co. Collections. IV(1937): 150-155.</subfield></datafield><datafield ind1=" " ind2=" " tag="500"><subfield code="a">Editor: Alfred H. Potts, &lt;1876&gt;.</subfield></datafield><datafield ind1=" " ind2=" " tag="580"><subfield code="a">Continues: Parkesburg herald. Cf. Sauer, E.M. "Chester Co. newspapers." Chester Co. Collections. IV(1937): 150-155.</subfield></datafield><datafield ind1=" " ind2=" " tag="580"><subfield code="a">Merged with: Chester Valley union, to form: Chester Valley union and Chester County times. Cf. Gregory, W. Amer. newspapers.</subfield></datafield><datafield ind1=" " ind2=" " tag="588"><subfield code="a">Description based on: Vol. 3, no. 22 (June 24, 1876).</subfield></datafield><datafield ind1=" " ind2=" " tag="752"><subfield code="a">United States</subfield><subfield code="b">Pennsylvania</subfield><subfield code="c">Chester</subfield><subfield code="d">Parkesburg.</subfield></datafield><datafield ind1="1" ind2="0" tag="780"><subfield code="t">Parkesburg herald</subfield><subfield code="w">(DLC)sn 90069061</subfield></datafield><datafield ind1="1" ind2="7" tag="785"><subfield code="t">Chester Valley union</subfield><subfield code="w">(DLC)sn 83025955</subfield></datafield><datafield ind1="1" ind2="7" tag="785"><subfield code="t">Chester Valley union and Chester County times</subfield><subfield code="w">(OCoLC)20986440</subfield></datafield><datafield ind1="1" ind2=" " tag="029"><subfield code="a">AU@</subfield><subfield code="b">000025795811</subfield></datafield></record>